@book{atwan2022time,
  title={Time Series Analysis with Python Cookbook: Practical Recipes for Exploratory Data Analysis, Data Preparation, Forecasting, and Model Evaluation},
  author={Atwan, Tarek A},
  year={2022},
  publisher={Packt}
}


@article{eilers2003perfect,
  title={A perfect smoother},
  author={Eilers, Paul HC},
  journal={Analytical chemistry},
  volume={75},
  number={14},
  pages={3631--3636},
  year={2003},
  publisher={ACS Publications},
  url={https://doi.org/10.1021/ac034173t}
}

@online{pelliccia2019fourier, 
    author = {Daniel Pelliccia},
    title = {Fourier spectral smoothing method},
    year = 2019,
    url = {https://nirpyresearch.com/fourier-spectral-smoothing-method/},
    urldate = {2019-10-25}
}